% place pubblication, use \vphatom{index} in the name to force an order

@inproceedings{myself,
  title={My first publication},
  author={\vphantom{1}Myself},
}

@inproceedings{i2,
  title={I, robot},
  author={\vphantom{2}AI},
}
