% Encoding: UTF-8

@article{li2023comprehensive,
  title={A comprehensive survey on design and application of autoencoder in deep learning},
  author={Li, Pengzhi and Pei, Yan and Li, Jianqiang},
  journal={Applied Soft Computing},
  pages={110176},
  year={2023},
  publisher={Elsevier}
}